<add>
  <doc>
    <field name="id">990007175530302486</field>
    <field name="creator">Davis, Miles.</field>
    <field name="author">Davis Miles</field>
    <field name="title">The complete Miles Davis at Montreux</field>
    <field name="pubDate">2002</field>
    <field name="genre">Jazz.</field>
    <field name="genre">Jazz vocals.</field>
    <field name="genre">Live sound recordings.</field>
    <field name="language">english</field>
    <field name="resourceType">audio</field>
    <field name="loc_authority_name">n50035608</field>
    <field name="record">=LDR  ^^^^^cjm^a2200577Ia^4500
=001  990007175530302486
=005  20160418211004.0
=007  sd^fungnn|||eu
=008  021212p20021973xxujzn^^^i^^^^^^^^^^eng^d
=024  1\$a696998682429
=028  02$a9699-86824-2$bColumbia/Legacy
=028  00$a9362-45221-2$bWarner Bros.
=028  00$a9 45221-2$bWarner Bros.
=033  00$a19730708$b6044$cM6
=033  20$a19840708$a19910708$b6044$cM6
=033  00$a19910717$b5834$cN5
=035  \\$a(Aleph)000717553EMU01
=035  9\$au2955438
=035  \\$aocm51214070
=035  \\$a(Sirsi) o51214070
=035  \\$a(OCoLC)51214070
=040  \\$aIXA$cIXA$dMDY$dOCLCQ$dUtOrBLW
=082  04$a781.65
=100  1\$aDavis, Miles.
=245  14$aThe complete Miles Davis at Montreux$h[sound recording] /$cMiles.
=246  30$aMiles Davis at Montreux
=264  \4$c℗2002
=264  \1$a[U.S.?] :$bColumbia/Legacy :$bMontreux Sounds,$c[2002]
=300  \\$a20 sound discs :$bdigital ;$c4 3/4 in.
=336  \\$aperformed music$bprm$2rdacontent
=337  \\$aaudio$bs$2rdamedia
=338  \\$aaudio disc$bsd$2rdacarrier
=500  \\$a"Contain[s] every single note that ... Miles Davis played at the Montreux Jazz Festival on Lake Geneva in Switzerland"--P. 6 of book.
=511  0\$aMiles Davis, trumpet ; with, variously: Dave Liebman, reeds ; Kenny Garrett, Rick Margitza, David Sanborn, saxophone ; Bob Berg, saxophone, keyboards ; Reggie Lucas, Pete Cosey, John Scofield, Robben Ford, guitar ; Robert Irving III, Adam Holzman, Kei Akagi, Deron Johnson, George Duke, keyboards ; Michael Henderson, Darryl Jones, Felton Crews, Benny Rietveld, bass ; Richard Patterson, Foley, bass, vocal ; Al Foster, Vincent Wilburn Jr., Ricky Wellman, drums ; J. Mtume, percussion, synthesizer ; Steve Thornton, Marilyn Mazur, Munyungo Jackson, Erin Davis, percussion ; Wallace Roney, trumpet, flugelhorn ; Chaka Khan, vocal ; The Gil Evans Orchestra ; The George Gruntz Concert Jazz Band ; Quincy Jones, conductor.
=518  \\$aRecorded live at the Montreux Jazz Festival, Montreux, Switzerland, July 8, 1973 and July 8, 1984-July 8, 1991; disc 20 recorded live in Nice, France, July 17, 1991.
=500  \\$aMost selections previously unreleased; disc 19 previously released as Live at Montreux in 1993 (Warner Bros. 9362-45221-2 [i.e. 9 45221-2]).
=500  \\$aCompact discs.
=500  \\$aProgram notes by Nick Liebmann, Claude Nobs, and Adam Holzman (49 p. : ill., some col. ; 27 x 16 cm.) inserted in container.
=505  0\$aVariously (some titles repeated): Miles in Montreux '73 -- Ife -- Calypso frelimo -- Speak/That's what happened -- Star people -- What it is -- It gets better -- Something's on your mind -- Time after time -- Hopscotch/Star on Cicely -- Bass solo -- Jean-Pierre -- Lake Geneva -- Code M.D. -- Theme from Jack Johnson/One phone call/Street scenes/That's what happened -- Maze -- Human nature -- MD 1/Something's on your mind/MD 2 -- Ms. Morrisine -- Pacific Express -- Katia -- You're under arrest -- Jean-Pierre/You're under arrest/Then there were none -- Decoy -- New blues -- Wrinkle -- Tutu -- Splatch -- Al Jarreau -- Carnival time -- Burn -- Portia -- In a silent way -- Intruder -- Perfect way -- The senate/Me &amp; U -- Movie star -- Heavy metal prelude -- Heavy metal -- Don't stop me now -- Tomaas -- Hannibal -- Mr. Pastorius -- Jilli -- Jo Jo -- Amandla -- Introduction by Claude Nobs &amp; Quincy Jones -- Boplicity -- Introduction to "Miles ahead" medley -- Springsville -- Maids of Cadiz -- The Duke -- My ship -- Miles ahead -- Blues for Pablo -- Introduction to "Porgy and Bess" medley -- Orgone -- Gone, gone, gone -- Summertime -- Here come de honey man -- Introduction to "Sketches of Spain" -- The pan piper -- Solea.
=650  \0$aJazz.
=650  \0$aJazz vocals.
=650  \0$aJazz musicians.
=650  \0$aJazz musicians$zUnited States.
=650  \0$aLive sound recordings.
=710  2\$aMontreux Sounds.
=740  02$aLive at Montreux.
=910  \\$aRDA ENRICHED
=910  \\$aMARS
=945  \\$aemu pmb
=945  \\$a9DT$220080225
=994  \\$aZ0$bEMU</field>
  </doc>
  <doc>
    <field name="id">990012699680302486</field>
    <field name="creator">Davis, Miles.</field>
    <field name="author">Davis Miles</field>
    <field name="contributor">Troupe, Quincy.</field>
    <field name="author">Troupe Quincy</field>
    <field name="title">Miles the autobiography</field>
    <field name="pubDate">1989</field>
    <field name="topic">Davis, Miles.</field>
    <field name="genre">Jazz Musicians.</field>
    <field name="genre">African American author.</field>
    <field name="language">english</field>
    <field name="resourceType">book</field>
    <field name="loc_authority_name">n50035608</field>
    <field name="record">=LDR  ^^^^^nam^a22003618a^4500
=001  990012699680302486
=005  20160111211154.0
=008  900131s1989^^^^nyuaf^^^^^^^^^001^0aeng^^
=010  \\$a89019652
=020  \\$a0671635042 :$c$21.95
=035  \\$a(Aleph)001269968EMU01
=035  9\$au526626
=035  \\$aocm20015144
=035  \\$a(DOBI)31306689
=040  \\$aDLC$cDLC$dEMU
=043  \\$an-us---
=049  \\$aEMUU
=050  \\$aML419.D39$bA3 1989
=100  1\$aDavis, Miles.
=245  10$aMiles, the autobiography /$cMiles Davis with Quincy Troupe.
=260  \\$aNew York :$bSimon and Schuster,$cc1989.
=300  \\$a431 p., [32] p. of plates :$bill.
=500  \\$aIncludes index.
=590  \\$aManuscript, Archives, and Rare Book Library copy has dust jacket; has presentation inscription: 11/26,89; For Paul, here's to the genius of music, of Miles' music [illegible] like balm onto our ears. All the best to you. Quincy Troupe; from the library of Paul R. Jones.
=600  10$aDavis, Miles.
=650  \0$aJazz musicians$zUnited States$vBiography.
=655  \7$aAfrican American author.$2local$5GEU
=700  1\$aTroupe, Quincy.
=700  1\$aJones, Paul R.$q(Paul Raymond),$d1928-2010,$eformer owner.$5GEU
=700  1\$aDavis, Miles,$einscriber.$5GEU
=945  \\$aEMU bp
=945  \\$a9DT$219940531
=949  \\$a000011412396$bEMU$cwg$dML419.D39 A3 1989$tb$zba/bb
    </field>
  </doc>
  <doc>
    <field name="id">990022707350302486</field>
    <field name="creator">Sidran, Ben.</field>
    <field name="author">Sidran Ben</field>
    <field name="contributor">Davis, Miles.</field>
    <field name="author">Davis Miles</field>
    <field name="contributor">Gillespie, Dizzy.</field>
    <field name="author">Gillespie Dizzy</field>
    <field name="title">Talking jazz</field>
    <field name="pubDate">2006</field>
    <field name="genre">Jazz</field>
    <field name="genre">Jazz Musicians</field>
    <field name="language">english</field>
    <field name="resourceType">audio</field>
    <field name="loc_authority_name">n81003495</field>
    <field name="record">=LDR  ^^^^^cim^a22011054a^4500
=001  990022707350302486
=005  20190719025017.0
=007  sd^fsngnnmmned
=008  070109s2006^^^^xx^nnn^^^^^^^^^t^^^^eng^d
=024  1\$a789925819439
=035  \\$a(Aleph)002270735EMU01
=035  9\$au3158946
=035  \\$aocm77565231
=035  \\$a(Sirsi) o77565231
=035  \\$a(OCoLC)77565231
=040  \\$aIBZ$cIBZ$dIBZ$dENG$dJAO$dOCLCA$dOCLCQ$dOCLCA$dNLC$dUtOrBLW
=100  1\$aSidran, Ben.
=245  10$aTalking jazz$h[sound recording] :$ban oral history /$cby Ben Sidran.
=246  30$aAn oral history
=264  \1$a[Place of publication not identified] :$bUnlimited Media,$c[2006]
=264  \4$c℗2006
=300  \\$a24 sound discs :$bdigital ;$c4 3/4 in. +$e1 booklet (79 pages : illustrations ; 13 cm)
=336  \\$aspoken word$bspw$2rdacontent
=337  \\$aaudio$bs$2rdamedia
=338  \\$aaudio disc$bsd$2rdacarrier
=340  \\$aplastic$ametal$b4 3/4 in.$f1.4 m/s$jmass-produced.
=344  \\$adigital$c1.4 m/s$gstereo
=500  \\$aCompact discs.
=505  0\$aCD 01: Trumpet 01: Miles Davis, Dizzy Gillespie -- CD 02: Trumpet 02: Don Cherry, Red Rodney -- CD 03: Trumpet 03: Freddie Hubbard, Wynton Marsalis -- CD 04: Saxophone 01: Phil Woods, Sonny Rollins, Jackie McLean -- CD 05: Saxophone 02: Johnny Griffin, Frank Morgan, Charlie Rouse -- CD 06: Saxophone 03: David Murray, Arthur Blythe, Steve Lacy -- CD 07: Saxophone 04: Branford Marsalis, Michael Brecker, Grover Washington -- CD 08: Saxophone 05: Paquito D'Rivera, Pepper Adams, Archie Shepp -- CD 09: Piano 01: Herbie Hancock, Keith Jarrett, McCoy Tyner -- CD 10: Piano 02: Charles Brown, Jay McShann, Dr. John -- CD 11: Piano 03: Horace Silver, Les McCann -- CD 12: Piano 04: Joe Sample, Don Pullen -- CD 13: Piano 05: Barry Harris, Michel Petrucciani -- CD 14: Drums 01: Art Blakey, Max Roach, Mel Lewis -- CD 15: Drums 02: Tony Williams, Paul Motian, Steve Gadd -- CD 16: Bass: Richard Davis, Marcus Miller -- CD 17: Voice 01: Jon Hendricks, Betty Carter -- CD 18: Voice 02: Bobby McFerrin, Ken Nordine -- CD 19: Voice 03: Dave Frishberg, Donald Fagen, Mose Allison -- CD 20: Guitar 01: George Benson, John Scofield, Steve Khan -- CD 21: Guitar 02: Larry Coryell &amp; Emily Remler, Kevin Eubanks -- CD 22: Arrangers: Gil Evans, Carla Bley, Clare Fischer -- CD 23: The Biz: Max Gordon, Rudy Van Gelder -- CD 24: The Author: Ben Sidran interviewed by Craig Werner.
=650  \0$aJazz musicians$vInterviews.
=650  \0$aJazz$xHistory and criticism.
=700  1\$aDavis, Miles.
=700  1\$aGillespie, Dizzy,$d1917-1993.
=700  1\$aCherry, Don.
=700  1\$aRodney, Red.
=700  1\$aHubbard, Freddie.
=700  1\$aMarsalis, Wynton,$d1961-
=700  1\$aWoods, Phil.
=700  1\$aRollins, Sonny.
=700  1\$aMcLean, Jackie.
=700  1\$aGriffin, Johnny,$d1928-2008.
=700  1\$aMorgan, Frank,$d1933-2007.
=700  1\$aRouse, Charlie.
=700  1\$aMurray, David,$d1955-
=700  1\$aBlythe, Arthur.
=700  1\$aLacy, Steve.
=700  1\$aMarsalis, Branford.
=700  1\$aBrecker, Michael.
=700  1\$aWashington, Grover.
=700  1\$aD'Rivera, Paquito,$d1948-
=700  1\$aAdams, Pepper,$d1930-1986.
=700  1\$aShepp, Archie.
=700  1\$aHancock, Herbie,$d1940-
=700  1\$aJarrett, Keith.
=700  1\$aTyner, McCoy.
=700  1\$aBrown, Charles,$d1922-1999.
=700  1\$aMcShann, Jay.
=700  0\$aDr. John,$d1941-2019.
=700  1\$aSilver, Horace,$d1928-2014.
=700  1\$aMcCann, Les,$d1935-
=700  1\$aSample, Joe.
=700  1\$aPullen, Don.
=700  1\$aHarris, Barry,$d1929-
=700  1\$aPetrucciani, Michel,$d1962-1999.
=700  1\$aBlakey, Art,$d1919-1990.
=700  1\$aRoach, Max,$d1924-2007.
=700  1\$aLewis, Mel,$d1929-1990.
=700  1\$aWilliams, Tony,$d1945-1997.
=700  1\$aMotian, Paul.
=700  1\$aGadd, Steve.
=700  1\$aDavis, Richard,$d1930-
=700  1\$aMiller, Marcus,$d1959-
=700  1\$aHendricks, Jon,$d1921-2017.
=700  1\$aCarter, Betty,$d1930-1998.
=700  1\$aMcFerrin, Bobby.
=700  1\$aNordine, Ken.
=700  1\$aFrishberg, Dave.
=700  1\$aFagen, Donald,$d1948-
=700  1\$aAllison, Mose.
=700  1\$aBenson, George,$d1943-
=700  1\$aScofield, John.
=700  1\$aKhan, Steve.
=700  1\$aCoryell, Larry.
=700  1\$aRemler, Emily.
=700  1\$aEubanks, Kevin.
=700  1\$aEvans, Gil,$d1912-1988.
=700  1\$aBley, Carla.
=700  1\$aFischer, Clare.
=700  1\$aGordon, Max,$d1903-1989.
=700  1\$aVan Gelder, Rudy.
=910  \\$aRDA ENRICHED
=910  \\$aMARS
=945  \\$aemu pmb
=945  \\$a9DT$220090223
=994  \\$aZ0$bEMU
    </field>
  </doc>
  <doc>
    <field name="id">990035010160302486</field>
    <field name="creator">Davis, Miles.</field>
    <field name="author">Davis Miles</field>
    <field name="contributor">Troupe, Quincy.</field>
    <field name="author">Troupe Quincy</field>
    <field name="title">Miles the autobiography</field>
    <field name="pubDate">1989</field>
    <field name="topic">Jazz musicians</field>
    <field name="genre">Electronic books.</field>
    <field name="language">english</field>
    <field name="resourceType">online</field>
    <field name="loc_authority_name">n50035608</field>
    <field name="link">https://proxy.library.emory.edu/login?url=http://www.aspresolver.com/aspresolver.asp?BLTC;S7852</field>
    <field name="record">=LDR  ^^^^^cam^a2200493Ma^4500
=001  990035010160302486
=005  20160112002958.0
=006  m^^^^^o^^d^^^^^^^^
=007  cr^bn|---uuuuu
=008  890627t19891989nyuacf^^o^^^^^001^0aeng^d
=020  \\$a0671635042
=020  \\$a9780671635046
=035  \\$a(Aleph)003501016EMU01
=035  \\$a(OCoLC)83675881
=040  \\$aN15$beng$cN15$dBAKER$dPUL$dALSTP$dOCLCQ$dOCLCF$dOCLCO$dUtOrBLW
=043  \\$an-us---
=049  \\$aEMUU
=050  \4$aML419.D39$bA3 1989
=082  04$a788.9/2165/092$aB$220
=100  1\$aDavis, Miles.
=245  10$aMiles, the autobiography$h[electronic resource] /$cMiles Davis with Quincy Troupe.
=264  \1$aNew York :$bSimon and Schuster,$c[1989]
=264  \4$c©1989
=300  \\$a1 online resource (431 page, 30 unnumbered pages of plates) :$billustrations, portraits
=336  \\$atext$btxt$2rdacontent
=337  \\$acomputer$bc$2rdamedia
=338  \\$aonline resource$bcr$2rdacarrier
=500  \\$aIncludes index.
=588  \\$aDescription based on print version record.
=590  \\$aAvailable to current Emory faculty, students and staff.
=600  10$aDavis, Miles.
=650  \0$aJazz musicians$zUnited States$vBiography.
=655  \0$aElectronic books.
=700  1\$aTroupe, Quincy.
=776  08$iPrint version:$aDavis, Miles.$tMiles, the autobiography.$dNew York : Simon and Schuster, c1989$w(DLC) 89019652
=830  \0$aBlack thought and culture.
=852  \\$bUNIV$cONLNE$hELECTRONIC ACCESS$98
=856  40$zOnline resource from Alexander Street Press$uhttp://proxy.library.emory.edu/login?url=http://www.aspresolver.com/aspresolver.asp?BLTC;S7852
=910  \\$aRDA ENRICHED
=910  \\$aMARS
=940  \\$aBLACKTHOUGHT
=945  \\$aEMU$bmk$220141006
=949  \\$bONLNE$c02
=994  \\$aC0$bEMU
    </field>
  </doc>
  <doc>
    <field name="id">990006882230302486</field>
    <field name="creator">أبو ديب، الصيد</field>
    <field name="title">معجم المؤلفات الليبية المطبوعة في الأدب الحديث</field>
    <field name="pubDate">2006</field>
    <field name="genre">Arabic literature</field>
    <field name="language">arabic</field>
    <field name="resourceType">book</field>
    <field name="loc_authority_name">n2006203256</field>
    <field name="record">=LDR  ^^^^^cam^a22004574a^4500
=001  990006882230302486
=005  20160418210101.0
=008  070124s2006^^^^ly^^^^^^^b^^^f000^0^ararc
=010  \\$a2007330349
=020  \\$a9959381536
=020  \\$a9789959381538
=035  \\$a(Aleph)000688223EMU01
=035  9\$au2911164
=035  \\$aocm80904367
=035  \\$a(Sirsi) o80904367
=035  \\$a(OCoLC)80904367
=040  \\$aDLC-R$cDLC$dIUL$dEMU$dUtOrBLW
=042  \\$alcode$apcc
=043  \\$af-ly---
=049  \\$aEMUU
=050  \4$aPJ8222$b.A28 2006
=100  1\$6880-01$aAbū Dīb, al-Ṣayd.
=880  1\$6100-01//r$aأبو ديب، الصيد.
=245  10$6880-02$aMuʻjam al-muʼallafāt al-Lībīyah al-maṭbūʻah fī al-adab al-ḥadīth /$ciʻdād al-Ṣayd Abū Dī̈b.
=880  10$6245-02//r$aمعجم المؤلفات الليبية المطبوعة في الأدب الحديث /$cإعداد الصيد أبو ديب.
=264  \1$6880-03$aSirt :$bMajlis al-Thaqāfah al-ʻĀmm,$c2006.
=880  \1$6264-03//r$aسرت :$bمجلس الثقافة العام،$c2006.
=300  \\$a207 pages ;$c24 cm
=336  \\$atext$btxt$2rdacontent
=337  \\$aunmediated$bn$2rdamedia
=338  \\$avolume$bnc$2rdacarrier
=504  \\$aIncludes bibliographical references.
=520  \\$aArabic literature; Libya; bibliography.
=650  \0$aArabic literature$zLibya$vBibliography.
=650  \0$aArabic literature$y20th century$vBibliography.
=910  \\$aRDA ENRICHED
=910  \\$aMARS
=945  \\$aEMU haf
=945  \\$a9DT$220070530
=949  \\$wLC$i010001241160$mGENERAL$lSTACKS$rY$sY$tBOOK
=994  \\$aC0$bEMU
    </field>
  </doc>
  <doc>
    <field name="id">990022592220302486</field>
    <field name="title">Miles Davis the cool jazz sound</field>
    <field name="pubDate">2004</field>
    <field name="topic">Jazz</field>
    <field name="topic">Trumpet with jazz ensemble.</field>
    <field name="genre">Concert films</field>
    <field name="resourceType">video</field>
    <field name="contributor">Coltrane, John.</field>
    <field name="language">english</field>
    <field name="author">Coltrane John</field>
    <field name="contributor">Evans, Gil.</field>
    <field name="author">Evans Gil</field>
    <field name="record">=LDR  ^^^^^cgm^a2200673Ia^4500
=001  990022592220302486
=005  20160418233549.0
=007  vd^bvaizs
=008  051028p20041959pau026^g^^^^^^^^^^vlzxx^d
=024  1\$a8436028690336
=028  42$aDVD2869033$bEfor Films
=028  42$a2869033$bEfor Films
=035  \\$a(Aleph)002259222EMU01
=035  9\$au3146184
=035  \\$aocm62169821
=035  \\$a(Sirsi) o62169821
=035  \\$a(OCoLC)62169821
=037  \\$aMZ00609629$bBWI
=040  \\$aBKX$cBKX$dOCLCQ$dBTCTA$dOCLCG$dOCLCQ$dOCLCG$dUtOrBLW
=050  \4$aM1366.D38$bM55 2004
=082  04$a785.065$222
=245  00$aMiles Davis$h[videorecording] :$bthe cool jazz sound /$cdirected by Jack Smight ; produced by Robert Herridge ; CBS Films.
=246  30$aCool jazz sound
=246  1\$iTitle at start of end credits:$aSound of Miles Davis
=264  \2$bDistributed by Disconforme.
=264  \1$aAndorra [Pa.?] :$bEfor Films,$c[2004]
=300  \\$a1 videodisc (26 min.) :$bsound, black &amp; white ;$c4 3/4 in.
=336  \\$atwo-dimensional moving image$btdi$2rdacontent
=337  \\$avideo$bv$2rdamedia
=338  \\$avideodisc$bvd$2rdacarrier
=490  1\$aStars of jazz
=538  \\$aDVD, all regions; Dolby digital 2.0.
=511  0\$aMiles Davis sextet (Miles Davis, trumpet, Julian Adderley, alto sax, John Coltrane, tenor sax, Wynton Kelly, piano, Paul Chambers, bass, Jimmy Cobb, drums) ; the Gil Evans Orchestra.
=508  \\$aMusic director and arranger, Gil Evans.
=518  \\$aRecorded in 1959 as part of the Robert Herridge Theater.
=520  \\$aMiles Davis with selected artists playing jazz standards.
=505  00$tSo what --$tDuke --$tBlues for Pablo --$tNew rhumba.
=650  \0$aJazz$y1951-1960.
=650  \0$aTrumpet with jazz ensemble.
=655  \7$aConcert films.$2lcgft
=700  1\$aSmight, Jack.
=700  1\$aHerridge, Robert.
=700  1\$aDavis, Miles.
=700  1\$aColtrane, John,$d1926-1967.
=700  1\$aKelly, Wynton.
=700  1\$aChambers, Paul,$d1935-1969.
=700  1\$aCobb, Jimmy.
=700  1\$aEvans, Gil,$d1912-1988.
=700  1\$aRoyal, Ernie.
=710  2\$aMiles Davis Sextet.
=710  2\$aGil Evans Orchestra.
=710  2\$aEFOR Films.
=710  2\$aDisconforme (Firm)
=830  \0$aStars of jazz.
=910  \\$aRDA ENRICHED
=910  \\$aMARS
=945  \\$aemu mk
=945  \\$a9DT$220090130
=994  \\$aZ0$bEMU
    </field>
  </doc>
<doc>
    <field name="id">9936709901402486</field>
    <field name="creator">Davis, Miles.</field>
    <field name="author">Davis Miles</field>
    <field name="title">The magic of Miles Davis jazz play-a-long for all musicians melodies chords transposed parts for all instrumentalists</field>
    <field name="pubDate">1994</field>
    <field name="language">english</field>
    <field name="genre">Jazz</field>
    <field name="genre">Lead sheets</field>
    <field name="topic">Jazz lead sheets</field>
    <field name="contributor">Aebersold, Jamey.</field>
    <field name="author">Aebersold Jamey</field>
    <field name="contributor">Feldman, Victor.</field>
    <field name="author">Feldman Victor</field>
    <field name="resourceType">score</field>
    <field name="loc_authority_name">n50035608</field>
    <field name="record">=LDR  ^^^^^ncm^a2200709Ki^4500
=001  9936709901402486
=005  20190406063102.0
=006  jjznn^^^^^^^^^^^n
=007  sd^fsng||mm|ed
=008  180827q20102018inumuz^^^a^^^^^n^^^^zxx^d
=020  \\$a9781562242091
=020  \\$a1562242091
=024  1\$a635621000506
=028  30$aV50DS$bJamey Aebersold Jazz
=035  \\$aon1049991136
=035  \\$a(OCoLC)1049991136
=040  \\$aEMU$beng$erda$cEMU$dUtOrBLW
=041  0\$geng
=047  \\$ajz$ast
=049  \\$aEMUU
=050  \4$aMT68$b.J36 V.50
=100  1\$aDavis, Miles,$ecomposer.
=240  10$aWorks.$kSelections
=245  14$aThe magic of Miles Davis :$bjazz play-a-long for all musicians : melodies, chords, transposed parts for all instrumentalists /$c[edited by Jamey Aebersold].
=246  1\$iTitle on accompanying CD:$aMagic of Miles
=264  \1$aNew Albany, IN :$bJamey Aebersold Jazz,$c[between 2010 and 2018]
=264  \4$c©1994
=300  \\$a1 score (iv, 36 pages) ;$c28 cm +$e1 audio disc (digital, stereo ; 4 3/4 in.).
=336  \\$anotated music$bntm$2rdacontent
=337  \\$aunmediated$bn$2rdamedia
=338  \\$avolume$bnc$2rdacarrier
=490  1\$aJamey Aeberold jazz ;$vvolume 50
=590  \\$aAccompanying sound recording kept at Music and Media service desk.
=500  \\$aLead sheets for C, B♭, E♭ instruments, and bass lines; with recorded accompaniments.
=500  \\$aCover title.
=500  \\$aAccompanying compact disc contains rhythm section accompaniment.
=500  \\$a"For all musicians, for all levels"--CD label.
=504  \\$aDiscography: pages iii-iv.
=505  0\$aFreddie Freeloader -- So what -- All blues -- Milestones -- Blue in green -- Seven steps to heaven / Miles Davis &amp; Victor Stanley Feldman --Nardis -- Eighty one / Miles Davis &amp; Ron Carter -- Joshua / Victor Feldman.
=511  0\$aPerformers on CD: Mark Levine, piano ; Todd Coolman, bass ; Steve Davis, drums.
=650  \0$aJazz$xInstruction and study.
=650  \0$aImprovisation (Music)
=650  \0$aJazz$vLead sheets.
=650  \0$aRecorded accompaniments.
=650  \7$aImprovisation (Music)$2fast
=650  \7$aJazz$xInstruction and study.$2fast
=650  \7$aJazz$xLead sheets.$2fast
=650  \7$aRecorded accompaniments.$2fast
=655  \7$aLead sheets.$2fast
=655  \7$aJazz.$2lcgft
=655  \7$aLead sheets.$2lcgft
=655  \7$aRecorded accompaniments.$2lcgft
=700  1\$aAebersold, Jamey,$eeditor.
=700  1\$aLevine, Mark,$d1938-$einstrumentalist.
=700  1\$aCoolman, Todd,$einstrumentalist.
=700  1\$aDavis, Steve,$d1958-$einstrumentalist.
=700  1\$aFeldman, Victor,$d1934-1987,$ecomposer.
=700  1\$aCarter, Ron,$d1937-$ecomposer.
=830  \0$aJamey Aebersold Jazz (Series) ;$vv. 50.
=910  \\$aMARS
=945  \\$aEMU$bmk$220180827
=994  \\$aC0$bEMU
    </field>
</doc>
<doc>
    <field name="id">990007346960302486</field>
    <field name="title">Miles electric a different kind of blue</field>
    <field name="pubDate">2004</field>
    <field name="genre">Documentary films</field>
    <field name="language">english</field>
    <field name="genre">Concert films</field>
    <field name="topic">Jazz musicians</field>
    <field name="topic">Trumpet players</field>
    <field name="topic">Jazz</field>
    <field name="contributor">Davis, Miles.</field>
    <field name="author">Davis Miles</field>
    <field name="contributor">Corea, Chick.</field>
    <field name="author">Corea Chick</field>
    <field name="resourceType">video</field>
    <field name="record">=LDR  ^^^^^cgm^a2200757Ia^4500
=001  990007346960302486
=005  20181019153046.0
=007  vd^cvaizq
=008  041213s2004^^^^xxu123^g^^^^^^^^^^vleng^d
=024  1\$a801213902095
=028  42$aEE39020-9$bRed Distribution
=035  \\$a(Aleph)000734696EMU01
=035  9\$au2975269
=035  \\$aocm57217818
=035  \\$a(Sirsi) o57217818
=035  \\$a(OCoLC)57217818
=037  \\$bMidwest Tapes$nhttp://www.midwesttapes.com
=040  \\$aTEFMT$cTEFMT$dRCS$dOCLCQ$dMDY$dOCL$dBTCTA$dLVB$dRCS$dUtOrBLW
=041  1\$aeng$jeng$jspa$jfre$heng
=043  \\$an-us---
=082  04$a788.9/2165/092$222
=090  \\$aML419.D39$bM56 2004
=245  00$aMiles electric$h[videorecording] :$ba different kind of blue /$cEagle Vision presents a Murray Lerner film ; produced &amp; directed by Murray Lerner ; an MLF production in association with Eagle Rock Entertainment, Ltd.
=246  30$aDifferent kind of blue
=264  \1$a[United States] :$bEagle Eye Media,$c[2004]
=264  \4$c©2004
=300  \\$a1 videodisc (approximately 123 min.) :$bsound, color ;$c4 3/4 in. +$eprogram notes.
=336  \\$atwo-dimensional moving image$btdi$2rdacontent
=337  \\$avideo$bv$2rdamedia
=338  \\$avideodisc$bvd$2rdacarrier
=340  \\$b4 3/4 in.
=344  \\$adigital$boptical$gstereo$hDolby
=347  \\$avideo file
=538  \\$aDVD, regions 1 and 4; 4:3 aspect ratio; DTS 5.1, Dolby 5.1 or PCM stereo sound; full screen presentation; Playstation 2 and XBOX compatible.
=546  \\$aIn English with optional English, Spanish or French subtitles.
=511  0\$aMiles Davis, Herbie Hancock, Chick Corea, Carlos Santana, Joni Mitchell, Keith Jarrett, Dave Liebman, Stanley Crouch.
=508  \\$aExecutive producers. Terry Shand, Geoff Kempin ; editors, Edward Goldberg, Einar Westerlund ; cameramen, Henry Adebonojo ... [et al.]
=500  \\$aSpecial features: additional interview footage; first electric period sessionography.
=500  \\$aProgram notes (6 p. : port.) inserted in container.
=520  \\$aDiscusses Miles Davis' music of the late 1960s-early 1970s, with commentary from musicians Chick Corea, Carlos Santana, Joni Mitchell and others; also includes Davis's complete Aug. 29, 1970 performance at the Isle of Wight.
=600  10$aDavis, Miles.
=650  \0$aJazz musicians$zUnited States.
=650  \0$aTrumpet players$zUnited States.
=650  \0$aJazz$y1961-1970$xHistory and criticism.
=650  \0$aJazz$y1971-1980$xHistory and criticism.
=650  \0$aJazz$y1961-1970.
=611  20$aIsle of Wight Festival$n(3rd :$d1970 :$cIsle of Wight (England)
=655  \7$aDocumentary films.$2lcgft
=655  \7$aConcert films.$2lcgft
=700  1\$aLerner, Murray.
=700  1\$aDavis, Miles.
=700  1\$aHancock, Herbie,$d1940-
=700  1\$aCorea, Chick.
=700  1\$aSantana, Carlos.
=700  1\$aJarrett, Keith.
=700  1\$aMitchell, Joni.
=700  1\$aLiebman, Dave.
=710  2\$aEagle Vision (Firm)
=710  2\$aMLF (Firm)
=710  2\$aEagle Rock Entertainment.
=711  2\$aIsle of Wight Festival$n(3rd :$d1970 :$cIsle of Wight (England)
=910  \\$aRDA ENRICHED
=910  \\$aMARS
=945  \\$aemu mk
=945  \\$a9DT$220080129
=994  \\$aZ0$bEMU</field>
</doc>
<doc>
    <field name="id">990000000000302486</field>
    <field name="creator">with the</field>
    <field name="title">on a from with</field>
    <field name="language">english</field>
    <field name="pubDate">2004</field>
    <field name="genre">Documentary films</field>
    <field name="genre">Concert films</field>
    <field name="topic">Jazz musicians</field>
    <field name="record">=LDR  ^^^^^cgm^a2200757Ia^4500
=001  990007346960302486
=005  20181019153046.0
=007  vd^cvaizq
=008  041213s2004^^^^xxu123^g^^^^^^^^^^vleng^d
=024  1\$a801213902095
=028  42$aEE39020-9$bRed Distribution
=035  \\$a(Aleph)000734696EMU01</field>
</doc>
<doc>
    <field name="id">990031150350302486</field>
    <field name="title">Fotografie für Architekten die Fotosammlung des Architekturmuseums der TU München  Photography for architects  the photographic collection of the Architekturmuseum der TU München</field>
    <field name="pubDate">2011</field>
    <field name="topic">Architectural photography</field>
    <field name="topic">Photography</field>
    <field name="contributor">Nerdinger, Winfried.</field>
    <field name="author">Nerdinger Winfried</field>
    <field name="contributor">Böhm, Hanna.</field>
    <field name="author">Böhm Hanna</field>
    <field name="language">english</field>
    <field name="resourceType">book</field>
    <field name="record">=LDR  ^^^^^cam^a2200589^a^4500
=001  990031150350302486
=005  20160419005534.0
=008  110615s2011^^^^gw^a^^^^^bc^^^001^0deng^c
=020  \\$a3865609899
=020  \\$a3863350022 (museum ed.)
=020  \\$a9783865609892
=020  \\$a9783863350024 (museum ed.)
=035  \\$a(Aleph)003115035EMU01
=035  \\$ay99949037732
=035  \\$a(OCoLC)731901483
=040  \\$aERASA$cERASA$dOCLCQ$dVVP$dZCU$dYDXCP$dPUL$dVRC$dSTF$dUtOrBLW
=041  0\$ager$aeng
=042  \\$apcc
=043  \\$ae-gx---
=049  \\$aEMUA$b010002584623
=050  \4$aTR659$b.F67 2011
=082  04$a720
=245  00$aFotografie für Architekten :$bdie Fotosammlung des Architekturmuseums der TU München = Photography for architects : the photographic collection of the Architekturmuseum der TU München /$c[herausgegeben by Winfried Nerdinger ; Mitarbeit, Hanna Böhm and Irene Meissner].
=246  30$aPhotography for architects :$bthe photographic collection of the Architekturmuseum der TU München
=264  \2$aNew York, NY :$bD.A.P./Distributed Art Publishers.
=264  \4$c©2011
=264  \1$aKöln :$bVerlag der Buchhandlung Walther König,$c[2011]
=300  \\$a239 pages :$billustrations (2 color) ;$c31 cm
=336  \\$atext$btxt$2rdacontent
=337  \\$aunmediated$bn$2rdamedia
=338  \\$avolume$bnc$2rdacarrier
=500  \\$aPublished on the occasion of the exhibition held at the Architekturmuseum der TU München in the Pinakothek der Moderne, Munich, Mar. 31-June 19, 2011.
=546  \\$aGerman and English.
=504  \\$aIncludes bibliographical references and index of photographers.
=650  \0$aArchitectural photography$vExhibitions.
=650  \0$aPhotography$zGermany$vExhibitions.
=610  20$aTechnische Universität München.$bArchitekturmuseum$vExhibitions.
=700  1\$aNerdinger, Winfried.
=700  1\$aBöhm, Hanna.
=700  1\$aMeissner, Irene.
=710  2\$aTechnische Universität München.$bArchitekturmuseum.
=856  42$mB:DE-101$qapplication/pdf$uhttp://d-nb.info/1010835513/04$3Inhaltsverzeichnis
=856  42$mX:MVB$qtext/html$uhttp://deposit.d-nb.de/cgi-bin/dokserv?id=3709134&amp;prov=M&amp;dok_var=1&amp;dok_ext=htm$3Inhaltstext
=900  \\$a7074069
=910  \\$aRDA ENRICHED
=910  \\$aPROMPTCATF
=910  \\$aMARS
=940  \\$aPROMPTCATF
=945  \\$aEMU$220120717
=980  \\$a20120705$b65.00$d99949037732$e53.95$f949201$g1$h7074069
=981  \\$bAHMODERN B
=994  \\$a92$bEMU</field>
</doc>
<doc>
    <field name="id">990024633150302486</field>
    <field name="creator">Griffin, Farah Jasmine.</field>
    <field name="author">Griffin Farah Jasmine</field>
    <field name="title">Clawing at the limits of cool Miles Davis John Coltrane and the greatest jazz collaboration ever</field>
    <field name="resourceType">book</field>
    <field name="language">english</field>
    <field name="pubDate">2008</field>
    <field name="topic">Jazz History and criticism</field>
    <field name="contributor">Washington, Salim.</field>
    <field name="author">Washington Salim</field>
    <field name="record">=LDR  ^^^^^cam^a2200601Ia^4500
=001  990024633150302486
=005  20160419000825.0
=008  080228s2008^^^^nyua^^^^^bk^^^001^0deng^^
=010  \\$a2008009313
=015  \\$aGBA865925$2bnb
=016  7\$a014614245$2Uk
=019  \\$a181601309
=020  \\$a0312327854
=020  \\$a9780312327859
=035  \\$a(Aleph)002463315EMU01
=035  9\$au3375466
=035  \\$aocn212893657
=035  \\$a(Sirsi) o212893657
=035  \\$a(OCoLC)212893657
=035  \\$ay99935345003
=040  \\$aDLC$cDLC$dBAKER$dBTCTA$dYDXCP$dUKM$dC#P$dBWX$dCDX$dJED$dIK2$dIXA$dABG$dRES$dTSU$dSMP$dIG#$dCQU$dUtOrBLW
=043  \\$an-us---
=049  \\$aEMUU
=050  00$aML3508$b.G75 2008
=082  00$a781.65/50922$222
=100  1\$aGriffin, Farah Jasmine.
=245  10$aClawing at the limits of cool :$bMiles Davis, John Coltrane and the greatest jazz collaboration ever /$cFarah Jasmine Griffin, Salim Washington.
=246  3\$aMiles Davis, John Coltrane and the greatest jazz collaboration ever
=250  \\$a1st Thomas Dunne books edition.
=264  \1$aNew York :$bThomas Dunne Books,$c2008.
=300  \\$a294 pages :$billustrations ;$c22 cm
=336  \\$atext$btxt$2rdacontent
=337  \\$aunmediated$bn$2rdamedia
=338  \\$avolume$bnc$2rdacarrier
=504  \\$aIncludes bibliographical references (pages [273]-276), discography (pages [277]-278), and index.
=505  0\$aThe head -- Pass it on -- The birth of a new freedom -- Struggle and ascent -- Interlude -- Clawing at the limits of cool -- The tag.
=650  \0$aJazz$xHistory and criticism.
=600  10$aDavis, Miles.
=600  10$aColtrane, John,$d1926-1967.
=610  20$aMiles Davis Quintet.
=610  20$aMiles Davis Sextet.
=700  1\$aWashington, Salim.
=856  42$3Contributor biographical information$uhttp://www.loc.gov/catdir/enhancements/fy0834/2008009313-b.html
=856  42$3Publisher description$uhttp://www.loc.gov/catdir/enhancements/fy0834/2008009313-d.html
=856  41$3Sample text$uhttp://www.loc.gov/catdir/enhancements/fy0901/2008009313-s.html
=856  41$3Table of contents only$uhttp://www.loc.gov/catdir/toc/ecip0812/2008009313.html
=910  \\$aRDA ENRICHED
=910  \\$aMARS
=940  \\$aPROMPTCATF
=945  \\$a9DT$220100119
=949  \\$hEMUWG$i010002461480$p$24.95$zPROMPTCATF
=959  \\$a854580$c2009-12-03$d$20.71$e1$f99935345003$g2756738$hHIST US BOOKS
=994  \\$a92$bEMU
    </field>
</doc>
<doc>
    <field name="id">9936776158702486</field>
    <field name="creator">毛中根.</field>
    <field name="author">毛中根</field>
    <field name="title">中国文化消费提升研究 =Promoting cultural consumption in China</field>
    <field name="resourceType">book</field>
    <field name="language">chinese</field>
    <field name="pubDate">2018</field>
    <field name="topic">Consumption (Economics)</field>
    <field name="topic">Cultural industries</field>
    <field name="contributor">Washington, Salim.</field>
    <field name="record">=LDR  ^^^^^cam^a2200529Ii^4500
=001  9936776158702486
=005  20190518030244.0
=008  180528s2018^^^^cc^a^^^^^b^^^^001^0^chi^d
=020  \\$a9787030562876
=020  \\$a7030562879
=035  \\$aon1038006647
=035  \\$a(OCoLC)1038006647
=040  \\$aCNPIT$beng$erda$cCNPIT$dCLU$dOCLCF$dEMU$dUtOrBLW
=041  0\$achi$feng
=043  \\$aa-cc---
=049  \\$aEMUU
=050  \4$aHC430.C6$bM369 2018
=100  1\$a毛中根,$eauthor.
=245  10$a中国文化消费提升研究 =$bPromoting cultural consumption in China /$c毛中根等著.
=246  31$aPromoting cultural consumption in China
=250  \\$6880-03$aDi yi ban.
=880  \\$6250-03$a第一版.
=264  \1$6880-04$aBeijing :$bKe xue chu ban she,$c2018.
=880  \1$6264-04$a北京 :$b科学出版社,$c2018.
=300  \\$aix, 385 pages :$billustrations ;$c25 cm.
=336  \\$atext$btxt$2rdacontent
=337  \\$aunmediated$bn$2rdamedia
=338  \\$avolume$bnc$2rdacarrier
=490  1\$6880-05$aGuo jia zhe xue she hui ke xue cheng guo wen ku. 2017 =$aNational achievements library of philosophy and social sciences
=880  1\$6490-05$a国家哲学社会科学成果文库. 2017 =$aNational achievements library of philosophy and social sciences
=504  \\$aIncludes bibliographical references (pages 359-381) and index.
=546  \\$aTable of contents also in English.
=650  \0$aConsumption (Economics)$zChina.
=650  \0$aCultural industries$zChina.
=650  \0$aCulture$xEconomic aspects.
=650  \7$aConsumption (Economics)$2fast
=650  \7$aCultural industries.$2fast
=650  \7$aCulture$xEconomic aspects.$2fast
=651  \7$aChina.$2fast
=830  \0$6880-06$aGuo jia zhe xue she hui ke xue cheng guo wen ku. 2017 =$aNational achievements library of philosophy and social sciences.
=880  \0$6830-06$a国家哲学社会科学成果文库. 2017 =$aNational achievements library of philosophy and social sciences
=910  \\$aRDA ENRICHED
=910  \\$aMARS
=945  \\$aEMU$brc$220190213
=994  \\$aC0$bEMU
   </field>
</doc>
</add>
